man Abdullah AlOmar, Mohamed Wiem Mkaouer, and Ali Ouni. 2024. Au-
tomating Source Code Refactoring in the Classroom. In Proceedings of the 55th
ACM Technical Symposium on Computer Science Education V. 1 (SIGCSE 2024).
Association for Computing Machinery, New York, NY, USA, 60–66. https:
//doi.org/10.1145/3626252.3630787
[2] Bernd Bruegge, Stephan Krusche, and Lukas Alperowitz. 2015. Software Engi-
neering Project Courses with Industrial Clients. ACM Trans. Comput. Educ. 15, 4,
Article 17 (Dec. 2015), 31 pages. https://doi.org/10.1145/2732155
[3] Hsi-Min Chen, Bao-An Nguyen, and Chyi-Ren Dow. 2022. Code-quality evalua-
tion scheme for assessment of student contributions to programming projects.
Journal of Systems and Software 188 (June 2022), 111273. https://doi.org/10.1016/
j.jss.2022.111273
[4] Jeff Dalton. 2019. Class, Responsibilities, Collaborators (CRC) Cards. In Great Big
Agile: An OS for Agile Leaders, Jeff Dalton (Ed.). Apress, Berkeley, CA, 153–154.
https://doi.org/10.1007/978-1-4842-4206-3_23
[5] Mary Flanagan and Helen Nissenbaum. 2014. Values at play in digital games.
MIT Press.
[6] Dominique Jaccard, Laurent Suppan, Eric Sanchez, Audrey Huguenin, and Max-
ence Laurent. 2021. The co.LAB Generic Framework for Collaborative Design
of Serious Games: Development Study. JMIR Serious Games 9, 3 (July 2021),
e28674. https://doi.org/10.2196/28674 Company: JMIR Serious Games Distribu-
tor: JMIR Serious Games Institution: JMIR Serious Games Label: JMIR Serious
Games Publisher: JMIR Publications Inc., Toronto, Canada.
[7] An Ju and Armando Fox. 2018. TEAMSCOPE: measuring software engineering
processes with teamwork telemetry. In Proceedings of the 23rd Annual ACM
Conference on Innovation and Technology in Computer Science Education (ITiCSE
2018). Association for Computing Machinery, New York, NY, USA, 123–128.
https://doi.org/10.1145/3197091.3197107
[8] Mehmet Kaya, Shannon Conley, Zhala S Othman, and Asaf Varol. 2018. Effective
software refactoring process. In 2018 6th International Symposium on Digital
Forensic and Security (ISDFS). IEEE, 1–6.
[9] John Kirriemuir and Angela Mcfarlane. 2004. Literature Review in Games and
Learning. (2004). https://telearn.hal.science/hal-00190453
[10] Shayan Noei, Heng Li, Stefanos Georgiou, and Ying Zou. 2023. An Empirical
Study of Refactoring Rhythms and Tactics in the Software Development Process.
IEEE Transactions on Software Engineering 49, 12 (2023), 5103–5119.
[11] Shayan Noei, Heng Li, Stefanos Georgiou, and Ying Zou. 2023. An Empirical
Study of Refactoring Rhythms and Tactics in the Software Development Process.
IEEE Transactions on Software Engineering 49, 12 (Dec. 2023), 5103–5119. https:
//doi.org/10.1109/TSE.2023.3326775 Conference Name: IEEE Transactions on
Software Engineering.
[12] Eduardo Oliveira. 2023. Investigating Student Errors in Code Refactoring. In
Proceedings of the 2023 Conference on Innovation and Technology in Computer
Science Education V. 2 (ITiCSE 2023). Association for Computing Machinery, New
York, NY, USA, 605–606. https://doi.org/10.1145/3587103.3594146
[13] Shravan Pargaonkar. 2021. Quality and Metrics in Software Quality Engi-
neering. Journal of Science & Technology 2, 1 (March 2021), 62–69. https:
//www.thesciencebrigade.com/jst/article/view/41
Scaffolding Collaborative Software Design with Serious Games Conference acronym ’XX, June 03–05, 2018, Woodstock, NY
[14] Sergio J. Viudes-Carbonell, Francisco J. Gallego-Durán, Faraón Llorens-Largo,
and Rafael Molina-Carmona. 2021. Towards an Iterative Design for Serious
Games. Sustainability 13, 6 (Jan. 2021), 3290. https://doi.org/10.3390/su13063290
